@book{clean-architecture-pearson,
  author    = {Robert C. Martin},
  title     = {Clean Architecture: A Craftsman's Guide to Software Structure and Design},
  publisher = {Pearson},
  year      = {2017},
  isbn      = {9780134494272},
}

